<?xml version="1.0" encoding="UTF-8"?><collection xmlns="http://www.loc.gov/MARC21/slim"><record><leader>00341nam--2200133-i-4500</leader><controlfield tag="001">000045480</controlfield><controlfield tag="002">20161230</controlfield><controlfield tag="005">20161230201045</controlfield><controlfield tag="008">060222s1000------------r-----000-0-eng-d</controlfield><datafield ind1=" " ind2=" " tag="080"><subfield code="a">669.14</subfield></datafield><datafield ind1=" " ind2=" " tag="245"><subfield code="a">Tehnologia otelului</subfield></datafield><datafield ind1=" " ind2=" " tag="260"><subfield code="a">Bucuresti, Ed.Tehnica, 1950. 274 P</subfield></datafield><datafield ind1=" " ind2=" " tag="490"><subfield code="a">Ministerul Metalurgiei Si Industriei Chimice</subfield></datafield><datafield ind1=" " ind2=" " tag="852"><subfield code="a">5166</subfield></datafield></record></collection>